@article{hubbell1975atomic,
  title={Atomic form factors, incoherent scattering functions, and photon scattering cross sections},
  author={Hubbell, JH and Veigele, WJ and Briggs, EA and Brown, RT and Cromer, DT and Howerton, RJ},
  journal={Journal of Physical and Chemical Reference Data},
  volume={4},
  pages={471},
  year={1975},
  doi={10.1063/1.555523},
  url={https://doi.org/10.1063/1.555523},
  publishedOnline={15 October 2009}
}

@proceedings{penelope2006workshop,
  title={PENELOPE-2006: A Code System for Monte Carlo Simulation of Electron and Photon Transport Workshop Proceedings},
  author={},
  booktitle={Workshop Proceedings Barcelona, Spain 4-7 July 2006},
  year={2006}
}